@article{Gavaghan2000Jan,
	author    = {Gavaghan, D. J. and Bond, A. M.},
	title     = {{A complete numerical simulation of the techniques of alternating current linear sweep and cyclic voltammetry: analysis of a reversible process by conventional and fast Fourier transform methods}},
	journal   = {J. Electroanal. Chem.},
	volume    = {480},
	number    = {1},
	pages     = {133--149},
	year      = {2000},
	month     = jan,
	issn      = {1572-6657},
	publisher = {Elsevier},
	doi       = {10.1016/S0022-0728(99)00476-3}
}

@book{süli_mayers_2003,
	place     = {Cambridge},
	title     = {An Introduction to Numerical Analysis},
	doi       = {10.1017/CBO9780511801181},
	publisher = {Cambridge University Press},
	author    = {Süli, Endre and Mayers, David F.},
	year      = {2003}
}

@book{spectralmethods,
	author    = {Trefethen, Lloyd N.},
	title     = {Spectral Methods in MATLAB},
	publisher = {Society for Industrial and Applied Mathematics},
	doi       = {10.1137/1.9780898719598},
	year      = {2000}
}
